@article{milner1978theory,
  title={{A theory of type polymorphism in programming}},
  author={Milner, R.},
  journal={Journal of computer and system sciences},
  volume={17},
  number={3},
  pages={348--375},
  year={1978},
  publisher={Elsevier}
}

@article{garrigue-certified,
  title={{A Certified Implementation of ML with Structural Polymorphism}},
  author={Garrigue, J.}
}

@conference{sulzmann2007system,
  title={{System F with type equality coercions}},
  author={Sulzmann, M. and Chakravarty, M.M.T. and Jones, S.P. and Donnelly, K.},
  booktitle={Proceedings of the 2007 ACM SIGPLAN international workshop on Types in languages design and implementation},
  pages={66},
  year={2007},
  organization={ACM}
}

@misc{pottier2005essence,
  title={{The essence of ML type inference}},
  author={Pottier, F. and R{\'e}my, D.},
  year={2005},
  publisher={Citeseer}
}

@article{ocaml,
  title={The Objective Caml system release 3.12.},
  author={Xavier Leroy and Damien Doligez and Jacques Garrigue and Didier Rémy and Jérôme Vouillon},
  journal={At http://caml. inria. fr},
  year={2010}
}

@article{huet1975unification,
  title={{A unification algorithm for typed lambda-calculus}},
  author={Huet, G.P.},
  journal={TCS},
  volume={1},
  number={1},
  pages={27--57},
  year={1975}
}

@conference{gordon1978metalanguage,
  title={{A metalanguage for interactive proof in LCF}},
  author={Gordon, M. and Milner, R. and Morris, L. and Newey, M. and Wadsworth, C.},
  booktitle={Proceedings of the 5th ACM SIGACT-SIGPLAN symposium on Principles of programming languages},
  pages={119--130},
  year={1978},
  organization={ACM}
}

@conference{damas1982principal,
  title={{Principal type-schemes for functional programs}},
  author={Damas, L. and Milner, R.},
  booktitle={Proceedings of the 9th ACM SIGPLAN-SIGACT symposium on Principles of programming languages},
  pages={207--212},
  year={1982},
  organization={ACM}
}

@article{mitchell-88,
  author       = "John C. Mitchell",
  title        = "Polymorphic type inference and containment",
  journal      = ic,
  year         = "1988",
  volume       = "76",
  number       = "2--3",
  pages        = "211--249",
  URL          = "http://dx.doi.org/10.1016/0890-5401(88)90009-0",
}

@article{girard1972systemf,
  title={{Interprétation fonctionnelle et elimination des coupures de l'arithmétique d'ordre supérieur}},
  author={Girard, J.Y.},
  journal={Thèse d'etat, Université Paris VII},
  year={1972}
}

@conference{reynolds1974systemf,
  title={{Towards a theory of type structure}},
  author={Reynolds, J.},
  booktitle={Programming Symposium},
  pages={408--425},
  year={1974},
  organization={Springer}
}

@conference{boris2008,
  title={{From ML to ML F: graphic type constraints with efficient type inference}},
  author={R{\'e}my, D. and Yakobowski, B.},
  booktitle={Proceeding of the 13th ACM SIGPLAN international conference on Functional programming},
  pages={63--74},
  year={2008},
  organization={ACM}
}

@conference{rossberg2010f,
  title={{F-ing modules}},
  author={Rossberg, A. and Russo, C.V. and Dreyer, D.},
  booktitle={Proceedings of the 5th ACM SIGPLAN workshop on Types in language design and implementation},
  pages={89--102},
  year={2010},
  organization={ACM}
}

@conference{llvm,
  title={{LLVM: A compilation framework for lifelong program analysis \& transformation}},
  author={Lattner, C. and Adve, V.},
  booktitle={Proceedings of the international symposium on Code generation and optimization: feedback-directed and runtime optimization},
  pages={75},
  year={2004},
  organization={IEEE Computer Society}
}

@article{compcert,
  title={{The CompCert verified compiler}},
  author={Leroy, X. and others},
  journal={Development available at http://compcert. inria. fr},
  volume={2009},
  year={2004}
}

@article{simonet2004constraint,
  title={{Constraint-based type inference for GADTs}},
  author={Simonet, V. and Pottier, F.},
  year={2004}
}

@article{garrigue2004relaxing,
  title={{Relaxing the value restriction}},
  author={Garrigue, J.},
  journal={Functional and Logic Programming},
  pages={7--57},
  year={2004},
  publisher={Springer}
}
